<?xml version="1.0" encoding="UTF-8"?><record xmlns="http://www.loc.gov/MARC21/slim" xmlns:cinclude="http://apache.org/cocoon/include/1.0" xmlns:zs="http://www.loc.gov/zing/srw/">
  <leader>00659cz  a2200145n  4500</leader>
  <controlfield tag="001">n  85022569 </controlfield>
  <controlfield tag="003">DLC</controlfield>
  <controlfield tag="005">20130313085207.0</controlfield>
  <controlfield tag="008">850628n| acannaab           |a aaa      </controlfield>
  <datafield tag="010" ind1=" " ind2=" ">
    <subfield code="a">n  85022569 </subfield>
  </datafield>
  <datafield tag="040" ind1=" " ind2=" ">
    <subfield code="a">DLC</subfield>
    <subfield code="b">eng</subfield>
    <subfield code="c">DLC</subfield>
    <subfield code="d">DLC</subfield>
  </datafield>
  <datafield tag="100" ind1="1" ind2=" ">
    <subfield code="a">Amirthalingam, C.,</subfield>
    <subfield code="d">1903-</subfield>
    <subfield code="t">Guide to the common commercial freshwater fishes.</subfield>
    <subfield code="l">English and Arabic</subfield>
  </datafield>
  <datafield tag="400" ind1="1" ind2=" ">
    <subfield code="a">Amirthalingam, C.,</subfield>
    <subfield code="d">1903-</subfield>
    <subfield code="t">Guide to the common commercial freshwater fishes in the Sudan</subfield>
  </datafield>
  <datafield tag="667" ind1=" " ind2=" ">
    <subfield code="a">THIS 1XX FIELD CANNOT BE USED UNDER RDA UNTIL THIS RECORD HAS BEEN REVIEWED AND/OR UPDATED</subfield>
  </datafield>
  <datafield tag="670" ind1=" " ind2=" ">
    <subfield code="a">LCCN 72-184306: Amirthalingam, C. A guide to the common commercial freshwater fishes in the Sudan, 1965.</subfield>
  </datafield>
</record>